<record><leader>00000cas a22000007a 4500</leader><controlfield tag="001">9530374</controlfield><controlfield tag="008">830520d18401840nyuwr ne      0    0eng d</controlfield><datafield ind1=" " ind2=" " tag="010"><subfield code="a">sn 83030452 </subfield></datafield><datafield ind1=" " ind2=" " tag="040"><subfield code="a">NPU</subfield><subfield code="b">eng</subfield><subfield code="c">NPU</subfield><subfield code="d">MFN</subfield><subfield code="d">NSD</subfield><subfield code="d">NYS</subfield><subfield code="d">RHN</subfield><subfield code="d">MQN</subfield><subfield code="d">HUL</subfield><subfield code="d">OCL</subfield><subfield code="d">OCLCF</subfield><subfield code="d">OCLCO</subfield></datafield><datafield ind1="1" ind2=" " tag="029"><subfield code="a">AU@</subfield><subfield code="b">000020126473</subfield></datafield><datafield ind1=" " ind2=" " tag="042"><subfield code="a">msc</subfield></datafield><datafield ind1="0" ind2=" " tag="130"><subfield code="a">New York freeman's journal (New York, N.Y. : 1840)</subfield></datafield><datafield ind1="0" ind2="4" tag="245"><subfield code="a">The New York freeman's journal.</subfield></datafield><datafield ind1=" " ind2=" " tag="260"><subfield code="a">New York, [N.Y.] :</subfield><subfield code="b">William E. Fitzgibbon,</subfield><subfield code="c">1840.</subfield></datafield><datafield ind1=" " ind2=" " tag="300"><subfield code="a">v.</subfield></datafield><datafield ind1=" " ind2=" " tag="310"><subfield code="a">Weekly</subfield></datafield><datafield ind1="0" ind2=" " tag="362"><subfield code="a">Vol. 1, no. 1 (July 4, 1840)-v. 1, no. 26 (Dec. 26, 1840).</subfield></datafield><datafield ind1=" " ind2=" " tag="530"><subfield code="a">Also available on microfilm from Great Lakes Microfilm Co., Chicago, IL.</subfield></datafield><datafield ind1=" " ind2="0" tag="651"><subfield code="a">New York (N.Y.)</subfield><subfield code="v">Newspapers.</subfield></datafield><datafield ind1=" " ind2="7" tag="655"><subfield code="a">Newspapers.</subfield><subfield code="2">fast</subfield><subfield code="0">(OCoLC)fst01423814</subfield></datafield><datafield ind1=" " ind2="7" tag="651"><subfield code="a">New York (State)</subfield><subfield code="z">New York.</subfield><subfield code="2">fast</subfield><subfield code="0">(OCoLC)fst01204333</subfield></datafield><datafield ind1=" " ind2=" " tag="752"><subfield code="a">United States</subfield><subfield code="b">New York</subfield><subfield code="c">New York</subfield><subfield code="d">New York.</subfield></datafield><datafield ind1="0" ind2="7" tag="785"><subfield code="t">New York Catholic register</subfield><subfield code="w">(DLC)sn 92064224</subfield></datafield><datafield ind1="0" ind2="7" tag="785"><subfield code="t">New York freeman's journal and Catholic register (New York, N.Y. : 1841)</subfield><subfield code="x">1052-7702</subfield><subfield code="w">(DLC)sn 83030453</subfield><subfield code="w">(OCoLC)1639585</subfield></datafield></record>